<record><leader>00000cas a2200000 a 4500</leader><controlfield tag="001">41478224</controlfield><controlfield tag="008">990603d19971997orumr ne      0    0eng c</controlfield><datafield ind1=" " ind2=" " tag="010"><subfield code="a">sn 00062040 </subfield></datafield><datafield ind1=" " ind2=" " tag="040"><subfield code="a">WIH</subfield><subfield code="b">eng</subfield><subfield code="c">WIH</subfield><subfield code="d">CVF</subfield><subfield code="d">OCLCQ</subfield><subfield code="d">OCLCF</subfield><subfield code="d">OCLCO</subfield></datafield><datafield ind1="1" ind2=" " tag="029"><subfield code="a">AU@</subfield><subfield code="b">000021576296</subfield></datafield><datafield ind1=" " ind2=" " tag="042"><subfield code="a">pcc</subfield></datafield><datafield ind1=" " ind2=" " tag="043"><subfield code="a">n-us-or</subfield></datafield><datafield ind1="0" ind2="0" tag="245"><subfield code="a">Siletz tribal newsletter.</subfield></datafield><datafield ind1=" " ind2=" " tag="260"><subfield code="a">Siletz, OR :</subfield><subfield code="b">Confederated Tribes of Siletz,</subfield><subfield code="c">1997.</subfield></datafield><datafield ind1=" " ind2=" " tag="300"><subfield code="a">v. :</subfield><subfield code="b">ill. ;</subfield><subfield code="c">58 cm.</subfield></datafield><datafield ind1=" " ind2=" " tag="310"><subfield code="a">Monthly</subfield></datafield><datafield ind1="0" ind2=" " tag="362"><subfield code="a">Vol. 15, no. 9 (Feb. 1997).</subfield></datafield><datafield ind1=" " ind2=" " tag="500"><subfield code="a">Title from caption.</subfield></datafield><datafield ind1="2" ind2="0" tag="610"><subfield code="a">Confederated Tribes of Siletz Indians</subfield><subfield code="v">Newspapers.</subfield></datafield><datafield ind1=" " ind2="0" tag="650"><subfield code="a">Siletz Indians</subfield><subfield code="v">Newspapers.</subfield></datafield><datafield ind1=" " ind2="0" tag="650"><subfield code="a">Indians of North America</subfield><subfield code="z">Oregon</subfield><subfield code="v">Newspapers.</subfield></datafield><datafield ind1=" " ind2="0" tag="651"><subfield code="a">Siletz Indian Reservation (Or.)</subfield><subfield code="v">Newspapers.</subfield></datafield><datafield ind1=" " ind2="7" tag="655"><subfield code="a">Newspapers.</subfield><subfield code="2">fast</subfield><subfield code="0">(OCoLC)fst01423814</subfield></datafield><datafield ind1="2" ind2="7" tag="610"><subfield code="a">Confederated Tribes of the Siletz Reservation, Oregon.</subfield><subfield code="2">fast</subfield><subfield code="0">(OCoLC)fst01715441</subfield></datafield><datafield ind1=" " ind2="7" tag="650"><subfield code="a">Indians of North America.</subfield><subfield code="2">fast</subfield><subfield code="0">(OCoLC)fst00969633</subfield></datafield><datafield ind1=" " ind2="7" tag="650"><subfield code="a">Siletz Indians.</subfield><subfield code="2">fast</subfield><subfield code="0">(OCoLC)fst01118573</subfield></datafield><datafield ind1=" " ind2="7" tag="651"><subfield code="a">Oregon.</subfield><subfield code="2">fast</subfield><subfield code="0">(OCoLC)fst01204579</subfield></datafield><datafield ind1=" " ind2="7" tag="651"><subfield code="a">Oregon</subfield><subfield code="z">Siletz Indian Reservation.</subfield><subfield code="2">fast</subfield><subfield code="0">(OCoLC)fst01269133</subfield></datafield><datafield ind1="1" ind2=" " tag="710"><subfield code="a">Confederated Tribes of the Siletz Reservation, Oregon.</subfield></datafield><datafield ind1="0" ind2="0" tag="780"><subfield code="t">Siletz news letter</subfield><subfield code="w">(DLC)sn 93050506</subfield><subfield code="w">(OCoLC)23906496</subfield></datafield><datafield ind1="0" ind2="0" tag="785"><subfield code="t">Siletz tribal newspaper</subfield><subfield code="w">(DLC)sn 00062039</subfield><subfield code="w">(OCoLC)41476462</subfield></datafield></record>